@Article{scikit-learn,
 title={Scikit-learn: Machine Learning in {P}ython},
 author={Pedregosa, F. and Varoquaux, G. and Gramfort, A. and Michel, V.
         and Thirion, B. and Grisel, O. and Blondel, M. and Prettenhofer, P.
         and Weiss, R. and Dubourg, V. and Vanderplas, J. and Passos, A. and
         Cournapeau, D. and Brucher, M. and Perrot, M. and Duchesnay, E.},
 journal={Journal of Machine Learning Research},
 volume={12},
 pages={2825--2830},
 year={2011}
}

@inproceedings{statsmodels,
  title={statsmodels: Econometric and statistical modeling with python},
  author={Seabold, Skipper and Perktold, Josef},
  booktitle={9th Python in Science Conference},
  year={2010}
}

@book{forecasting,
title = "Forecasting: Principles and Practice",
author = "Hyndman, {Robin John} and George Athanasopoulos",
year = "2018",
language = "English",
publisher = "OTexts",
address = "Australia",
edition = "2nd"
}

@MISC {pmdarima,
  author = {Taylor G. Smith and others},
  title  = {{pmdarima}: ARIMA estimators for {Python}},
  year   = {2017--},
  url    = "http://www.alkaline-ml.com/pmdarima",
  note   = {[Online; accessed <today>]}
}

@incollection{AIC,
title = "Chapter 10 - CLAST: Clustering Biological Sequences",
editor = "Quoc Nam Tran and Hamid Arabnia",
booktitle = "Emerging Trends in Computational Biology, Bioinformatics, and Systems Biology",
publisher = "Morgan Kaufmann",
address = "Boston",
pages = "203 - 220",
year = "2015",
series = "Emerging Trends in Computer Science and Applied Computing",
isbn = "978-0-12-802508-6",
doi = "https://doi.org/10.1016/B978-0-12-802508-6.00010-7",
url = "http://www.sciencedirect.com/science/article/pii/B9780128025086000107",
author = "Vicente Molieri and Lina J. Karam and Zo√© Lacroix",
keywords = "Clustering, hashing, graph cuts, biological sequences, databases, nucleotide, peptide"
}